@article{kim2008two,
	title={Two congruence classes for symmetric binary matrices over {$ \mathbb{F}_2 $} },
	author={Kim, Yong-Hyuk and Seo, Keomkyo},
	journal={WSEAS Transactions on Mathematics},
	volume={7},
	number={6},
	pages={339--343},
	year={2008},
	publisher={World Scientific and Engineering Academy and Society (WSEAS)}
}

@article{anderson1998turning,
	title={Turning lights out with linear algebra},
	author={Anderson, Marlow and Feil, Todd},
	journal={Mathematics Magazine},
	volume={71},
	number={4},
	pages={300--303},
	year={1998},
	publisher={JSTOR}
}

@Book{biggs1993algebraic,
	title={Algebraic Graph Theory},
	author={Biggs, Norman},
	publisher={Cambridge University Press},
	address={Cambridge, UK},
	edition = {2nd},
	year={1994}
}

@Book{brualdi1991combinatorial,
	title={Combinatorial Matrix Theory},
	author={Brualdi, Richard A and Ryser, Herbert J},
	year={1991},
	publisher={Cambridge Uiversity Press},
	address={Cambridge, UK}
}

@inproceedings{kim2005new,
	title={New topologies for genetic search space},
	author={Kim, Yong-Hyuk and Moon, Byung-Ro},
	booktitle={Proceedings of the Genetic and Evolutionary Computation},
	pages={1393--1399},
	month={June},
	year={2005},
	address={New York, NY, USA}
}

@article{yoon2011note,
	title={A note on edge-based graph partitioning and its linear algebraic structure},
	author={Yoon, Yourim and Kim, Yong-Hyuk and Moon, Byung-Ro},
	journal={Journal of Mathematical Modelling and Algorithms},
	volume={10},
	number={3},
	pages={269--276},
	year={2011},
	publisher={Springer}
}

@inproceedings{kim2008linear,
	title={Linear transformation in pseudo-Boolean functions},
	author={Kim, Yong-Hyuk},
	booktitle={Proceedings of the 10th Annual Conference on Genetic and Evolutionary Computation},
	pages={1117--1118},
	month={July},
	year={2008},
	organization={ACM}
}

%article{kim2008effect2,
	%  title={Effect of changing the basis in genetic algorithms using binary encoding},
	%  author={Kim, Yong-Hyuk and Yoon, Yourim},
	%  journal={KSII Transactions on Internet and Information Systems},
	%  volume={2},
	%  number={4},
	%  pages={184--193},
	%  year={2008}
	%}

%inproceedings{hwang2006multi,
	%  title={Multi-attractor gene reordering for graph bisection},
	%  author={Hwang, Inwook and Kim, Yong-Hyuk and Moon, Byung-Ro},
	%  booktitle={Proceedings of the 8th Annual Conference on Genetic and Evolutionary Computation},
	%  pages={1209--1215},
	%  month={July},
	%  year={2006}
	%}

@inproceedings{kim2003problem,
	title={Problem-independent schema synthesis for genetic algorithms},
	author={Kim, Yong-Hyuk and Kwon, Yung-Keun and Moon, Byung-Ro},
	booktitle={Proceedings of the Genetic and Evolutionary Computation Conference},
	pages={1112--1122},
	year={2003}
}

@inproceedings{seo2012spanning,
	title={A spanning tree-based encoding of the MAX CUT problem for evolutionary search},
	author={Seo, Kisung and Hyun, Soohwan and Kim, Yong-Hyuk},
	booktitle={International Conference on Parallel Problem Solving from Nature},
	volume={7491},
	pages={510--518},
	year={2012},
	series={Lecture Notes in Computer Science}
}
%inproceedings{wyatt2003finding,
	%  title={Finding building blocks through eigenstructure adaptation},
	%  author={Wyatt, Danica and Lipson, Hod},
	%  booktitle={Proceedings of the Genetic and Evolutionary Computation Conference},
	%  pages={1518--1529},
	%  year={2003}
	%}

@article{moon1998georg,
	title={{GEORG}: {VLSI} circuit partitioner with a new genetic algorithm framework},
	author={Moon, Byung-Ro and Lee, Yun-Sik and Kim, Chun-Kyung},
	journal={Journal of Intelligent Manufacturing},
	volume={9},
	number={5},
	pages={401--412},
	year={1998},
}

@inproceedings{cohoon1987genetic,
	title={Genetic placement},
	author={Cohoon, James P and Paris, William D},
	booktitle={Proceedings of the IEEE International Conference on Computer-Aided Design},
	pages={422--425},
	year={1986}
}

@article{anderson1991two,
	title={A two-dimensional genetic algorithm for the Ising problem},
	author={Anderson, Charles A and Jones, Kathryn F and Ryan, Jennifer},
	journal={Complex Systems},
	volume={5},
	number={3},
	pages={327--334},
	year={1991}
}

@inproceedings{kahng1995toward,
	title={Toward More Powerful Recombinations.},
	author={Kahng, Andrew B and Moon, Byung Ro},
	booktitle={Proceedings of the 6th International Conference on Genetic Algorithms},
	pages={96--103},
	year={1995}
}

@inproceedings{park2002genetic,
	title={Genetic search for fixed channel assignment problem with limited bandwidth},
	author={Park, Eun-Jong and Kim, Yong-Hyuk and Moon, Byung-Ro},
	booktitle={Proceedings of the Genetic and Evolutionary Computation},
	pages={1172--1179},
	year={2002}
}

@Book{friedberglinear,
	author={Friedberg, Stephen H and Insel, A J and Spence, L E},
	year={1997},
	title={Linear algebra},
	publisher={Prentice Hall}, 
	address={Upper Saddle River, NJ, USA},
	edition={3rd}
}

@article{moraglio2007geometric,
	title={Geometric crossovers for multiway graph partitioning},
	author={Moraglio, Alberto and Kim, Yong-Hyuk and Yoon, Yourim and Moon, Byung-Ro},
	journal={Evolutionary Computation},
	volume={15},
	number={4},
	pages={445--474},
	year={2007}
}

@inproceedings{moraglio2004topological,
	title={Topological interpretation of crossover},
	author={Moraglio, Alberto and Poli, Riccardo},
	booktitle={Proceedings of the Genetic and Evolutionary Computation Conference},
	pages={1377--1388},
	year={2004}
}

@article{yoon2013efficient,
	title={An efficient genetic algorithm for maximum coverage deployment in wireless sensor networks},
	author={Yoon, Yourim and Kim, Yong-Hyuk},
	journal={IEEE Transactions on Cybernetics},
	volume={43},
	number={5},
	pages={1473--1483},
	year={2013},
	publisher={IEEE}
}

@article{yoon2013geometricity,
	title={Geometricity of genetic operators for real-coded representation},
	author={Yoon, Yourim and Kim, Yong-Hyuk},
	journal={Applied Mathematics and Computation},
	volume={219},
	number={23},
	pages={10915--10927},
	year={2013},
	publisher={Elsevier}
}

@article{yoon2012quotient,
	title={Quotient geometric crossovers and redundant encodings},
	author={Yoon, Yourim and Kim, Yong-Hyuk and Moraglio, Alberto and Moon, Byung-Ro},
	journal={Theoretical Computer Science},
	volume={425},
	pages={4--16},
	year={2012},
	publisher={Elsevier}
}

@article{yoon2012theoretical,
	title={A theoretical and empirical study on unbiased boundary-extended crossover for real-valued representation},
	author={Yoon, Yourim and Kim, Yong-Hyuk and Moraglio, Alberto and Moon, Byung-Ro},
	journal={Information Sciences},
	volume={183},
	number={1},
	pages={48--65},
	year={2012},
	publisher={Elsevier}
}

@inproceedings{moraglio2006geometric,
	title={Geometric crossover for biological sequences},
	author={Moraglio, Alberto and Poli, Riccardo and Seehuus, Rolv},
	booktitle={Proceedings of the European Conference on Genetic Programming},
	pages={121--132},
	year={2006}
}

@techreport{yoon2009mathematical,
	title={Mathematical interpretation between genotype and phenotype spaces and induced geometric crossovers},
	author={Yoon, Yourim and Kim, Yong-Hyuk and Moraglio, Alberto and Moon, Byung-Ro},
	institution={Abs/0907.3202, CoRR},
	address={Ithaca, NY, USA},
	year={2009}
}

@techreport{yoon2009amathematical,
	title={A mathematical unification of geometric crossovers defined on phenotype space},
	author={Yoon, Yourim and Kim, Yong-Hyuk and Moraglio, Alberto and Moon, Byung-Ro},
	institution={Abs/0907.3200, CoRR},
	address={Ithaca, NY, USA},
	year={2009}
}








@article{yoon2014mathematical,
	title={A Mathematical Design of Genetic Operators on {$ GL_n(\mathbb{Z}_2) $}},
	author={Yoon, Yourim and Kim, Yong-Hyuk},
	journal={Mathematical Problems in Engineering},
	volume={2014},
	year={2014},
	publisher={Hindawi},
	note={Article ID 540936, 8 pages}
}

@article{wagner1974string,
	title={The string-to-string correction problem},
	author={Wagner, Robert A and Fischer, Michael J},
	journal={Journal of the ACM},
	volume={21},
	number={1},
	pages={168--173},
	year={1974},
	publisher={ACM}
}

@article{miller1995genetic,
	title={Genetic algorithms, tournament selection, and the effects of noise},
	author={Miller, Brad L and Goldberg, David E and others},
	journal={Complex Systems},
	volume={9},
	number={3},
	pages={193--212},
	year={1995}
}
@article{cavicchio1970adaptive,
	title={Adaptive search using simulated evolution},
	author={Cavicchio, Daniel Joseph},
	year={1970}
}


@article{kauffman1989nk,
	title={The {$NK$} model of rugged fitness landscapes and its application to maturation of the immune response},
	author={Kauffman, Stuart A and Weinberger, Edward D},
	journal={Journal of theoretical biology},
	volume={141},
	number={2},
	pages={211--245},
	year={1989},
	publisher={Elsevier}
}

@inproceedings{yu2017epistasis,
	title={Relationship between Epistasis on Performance of Genetic Algorithm},
	author={Yu, Dong-Pil and Kim, Yong-Hyuk},
	booktitle={Convergence Research Letters},
	volume={3},
	number={4},
	month={October},
	year={2017},
	pages={675-680},
}

% reordering
% https://dl.acm.org/citation.cfm?id=1144188
@inproceedings{hwang2006multi,
	title={Multi-attractor gene reordering for graph bisection},
	author={Hwang, Inwook and Kim, Yong-Hyuk and Moon, Byung-Ro},
	booktitle={Proceedings of the 8th annual conference on Genetic and evolutionary computation},
	pages={1209--1216},
	year={2006},
	organization={ACM},
}

% https://www.sciencedirect.com/science/article/pii/S0031320308004779
@article{CHANG20091210,
	title = "A genetic algorithm with gene rearrangement for K-means clustering",
	journal = "Pattern Recognition",
	volume = "42",
	number = "7",
	pages = "1210 - 1222",
	year = "2009",
	author = "Dong-Xia Chang and Xian-Da Zhang and Chang-Wen Zheng",
}

%https://www.liebertpub.com/doi/abs/10.1089/cmb.1998.5.555
@article{sankoff1998multiple,
	title={Multiple Genome Rearrangement and Breakpoint Phylogeny},
	author={Sankoff, David and Blanchette, Mathieu},
	journal={Journal of Computational Biology},
	volume={5},
	number={3},
	pages={555--570},
	year={1998}
}

% new encoding
%https://dl.acm.org/citation.cfm?id=335888
@inproceedings{raidl2000weighted,
	title={A weighted coding in a genetic algorithm for the degree-constrained minimum spanning tree problem},
	author={Raidl, G{\"u}nther R and Julstrom, Bryant A},
	booktitle={Proceedings of the 2000 ACM symposium on Applied computing-Volume 1},
	pages={440--445},
	year={2000},
	organization={ACM},
}

% https://www.mitpressjournals.org/doi/abs/10.1162/evco.1994.2.2.123
@article{falkenauer1994new,
	author = {Falkenauer, Emanuel},
	title = {A New Representation and Operators for Genetic Algorithms Applied to Grouping Problems},
	journal = {Evolutionary Computation},
	volume = {2},
	number = {2},
	pages = {123--144},
	year = {1994},
	publisher={MIT Press},
}

% https://link.springer.com/article/10.1007/s00291-005-0029-9
@article{gen2006genetic,
	title={A genetic algorithm for two-stage transportation problem using priority-based encoding},
	author={Gen, Mitsuo and Altiparmak, Fulya and Lin, Lin},
	journal={OR spectrum},
	volume={28},
	number={3},
	pages={337--354},
	year={2006},
	publisher={Springer},
}

% https://link.springer.com/article/10.1007/s00170-008-1898-2
@article{wang2009genetic,
	title={Genetic algorithm with new encoding scheme for job shop scheduling},
	author={Wang, Yong Ming and Yin, Hong Li and Wang, Jiang},
	journal={The International Journal of Advanced Manufacturing Technology},
	volume={44},
	number={9-10},
	pages={977--984},
	year={2009},
	publisher={Springer}
}

%https://www.sciencedirect.com/science/article/pii/S1568494612005005
@article{lotfi2013genetic,
	title={A genetic algorithm using priority-based encoding with new operators for fixed charge transportation problems},
	author={Lotfi, MM and Tavakkoli-Moghaddam, Reza},
	journal={Applied Soft Computing},
	volume={13},
	number={5},
	pages={2711--2726},
	year={2013},
	publisher={Elsevier}
}

%https://link.springer.com/chapter/10.1007/3-540-44692-3_20
@inproceedings{pernkopf2001feature,
	title={Feature selection for classification using genetic algorithms with a novel encoding},
	author={Pernkopf, Franz and O’Leary, Paul},
	booktitle={International Conference on Computer Analysis of Images and Patterns},
	pages={161--168},
	year={2001},
	organization={Springer},
}

% https://www.tandfonline.com/doi/abs/10.1080/03052150500289370
@article{wang2006new,
	title={A new encoding based genetic algorithm for the traveling salesman problem},
	author={Wang, Yuping and Han, Lixia and Li, Yinghua and Zhao, Shuguang},
	journal={Engineering Optimization},
	volume={38},
	number={1},
	pages={1--13},
	year={2006},
	publisher={Taylor \& Francis}
}

%https://link.springer.com/article/10.1007/s10845-011-0570-0
@article{wu2012novel,
	title={A novel bi-vector encoding genetic algorithm for the simultaneous multiple resources scheduling problem},
	author={Wu, Jei-Zheng and Hao, Xin-Chang and Chien, Chen-Fu and Gen, Mitsuo},
	journal={Journal of Intelligent Manufacturing},
	volume={23},
	number={6},
	pages={2255--2270},
	year={2012},
	publisher={Springer}
}

% eigenstructure
%https://link.springer.com/chapter/10.1007/3-540-45110-2_23
@inproceedings{wyatt2003finding,
	title={Finding building blocks through eigenstructure adaptation},
	author={Wyatt, Danica and Lipson, Hod},
	booktitle={Genetic and Evolutionary Computation Conference},
	pages={1518--1529},
	year={2003},
	organization={Springer},
}

@article{kim2008effect,
	title={Effect of changing the basis in genetic algorithms using binary encoding},
	author={Kim, Yong-Hyuk and Yoon, Yourim},
	journal={KSII Transactions on Internet and Information Systems (TIIS)},
	volume={2},
	number={4},
	pages={184--193},
	year={2008},
}


% epistasis
@article{davidor1990epistasis,
	title={Epistasis variance: Suitability of a representation to genetic algorithms},
	author={Davidor, Yuval},
	journal={Complex Systems},
	volume={4},
	number={4},
	pages={369--383},
	year={1990}
}

%
@inproceedings{seo2003new,
	title={New entropy-based measures of gene significance and epistasis},
	author={Seo, Dong-Il and Kim, Yong-Hyuk and Moon, Byung Ro},
	booktitle={Genetic and Evolutionary Computation Conference},
	pages={1345--1356},
	year={2003},
	organization={Springer}
}

@inproceedings{seo2004new,
	title={New epistasis measures for detecting independently optimizable partitions of variables},
	author={Seo, Dong-Il and Choi, Sung-Soon and Moon, Byung-Ro},
	booktitle={Genetic and evolutionary computation Conference},
	pages={150--161},
	year={2004},
	organization={Springer}
}

@inproceedings{ventresca2007epistasis,
	title={Epistasis in multi-objective evolutionary recurrent neuro-controllers},
	author={Ventresca, Mario and Ombuki-Berman, Beatrice},
	booktitle={Artificial Life, 2007. ALIFE'07. IEEE Symposium on},
	pages={77--84},
	year={2007},
	organization={IEEE}
}

@inproceedings{seo2005computing,
	title={Computing the epistasis variance of large-scale traveling salesman problems},
	author={Seo, Dong-Il and Moon, Byung-Ro},
	booktitle={Proceedings of the 7th annual conference on Genetic and evolutionary computation},
	pages={1169--1176},
	year={2005},
	organization={ACM}
}

@inproceedings{reeves1995epistasis,
	title={Epistasis in Genetic Algorithms: An Experimental Design Perspective},
	author={Reeves, Colin R and Wright, Christine C},
	booktitle={Proceedings of the 6th International Conference on Genetic Algorithms},
	pages={217--224},
	year={1995},
	organization={Morgan Kaufmann Publishers Inc.}
}

@article{naudts2000comparison,
	title={A comparison of predictive measures of problem difficulty in evolutionary algorithms},
	author={Naudts, Bart and Kallel, Leila},
	journal={IEEE Transactions on Evolutionary Computation},
	volume={4},
	number={1},
	pages={1--15},
	year={2000},
	publisher={IEEE}
}

@inproceedings{beasley1993reducing,
	title={Reducing Epistasis in Combinatorial Problems by Expansive Coding.},
	author={Beasley, David and Bull, David R and Martin, Ralph R},
	booktitle={ICGA},
	pages={400--407},
	year={1993}
}


@article{Grefenstette:1986:OCP:14111.14123,
	author = {Grefenstette, J},
	title = {Optimization of Control Parameters for Genetic Algorithms},
	journal = {IEEE Trans. Syst. Man Cybern.},
	volume = {16},
	number = {1},
	year = {1986},
	issn = {0018-9472},
	pages = {122--128},
	publisher = {IEEE Press},
} 